@Online{bouveret12:_beamer,
  author =       {Sylvain Bouveret},
  title =        {The progressbar {Beamer theme}},
  year =         2012,
  url =          {http://recherche.noiraudes.net/en/LaTeX.php}}

@Book{mittelbach04:_latex,
  author =       {F. Mittelbach and M. Goossens},
  title =        {The \LaTeX{} companion},
  year =      2004}

